@misc{Wahner2014,
	author = {Wahner, Kai},
	keywords = {Apache Hadoop,Apache Spark,Apache Storm,Architecture,Big Data,Data Science,Database,DevOps,Distributed Systems,Event Driven Architecture,Event Stream Processing,Hadoop,Infrastructure,Stream Processing,Streaming},
	title = {Real-Time Stream Processing as Game Changer in a Big Data World with Hadoop and Data Warehouse},
	url = {https://www.infoq.com/articles/stream-processing-hadoop},
	urldate = {2016-05-17},
	year = {2014},
	month = {September}
}
@misc{Penchikala2015SparkIntro,
	author = {Penchikala, Srini},
	title = {{Big Data Processing with Apache Spark - Part 1: Introduction}},
	url = {https://www.infoq.com/articles/apache-spark-introduction},
	urldate = {2016-05-20},
	year = {2015},
	keywords = {Apache Spark,Architecture {\&} Design,Big Data,Data Management,Data Science,Database,DevOps,Development,Enterprise Architecture,Infrastructure,NoSQL,Spark,Streaming}
}
@misc{Penchikala2015SparkSQL,
	author = {Penchikala, Srini},
	title = {{Big Data Processing with Apache Spark - Part 2: Spark SQL}},
	url = {https://www.infoq.com/articles/apache-spark-sql},
	urldate = {2016-05-20},
	year = {2015},
	keywords = {Apache Spark,Architecture {\&} Design,Big Data,Data Management,Data Science,Database,DevOps,Development,Enterprise Architecture,Infrastructure,NoSQL,Spark,Streaming}
}
@misc{Penchikala2016SparkStream,
	author = {Penchikala, Srini},
	title = {{Big Data Processing with Apache Spark - Part 3: Spark Streaming}},
	url = {https://www.infoq.com/articles/apache-spark-streaming},
	urldate = {2016-05-20},
	year = {2016},	
	keywords = {Apache Spark,Architecture {\&} Design,Big Data,Data Management,Data Science,Database,DevOps,Development,Enterprise Architecture,Infrastructure,NoSQL,Spark,Streaming}
}
@misc{Penchikala2016SparkML,
	author = {Penchikala, Srini},
	title = {{Big Data Processing with Apache Spark - Part 2: Spark SQL}},
	url = {https://www.infoq.com/articles/apache-spark-sql},
	urldate = {2016-05-20},
	year = {2015},
	keywords = {Apache Spark,Architecture {\&} Design,Big Data,Data Management,Data Science,Database,DevOps,Development,Enterprise Architecture,Infrastructure,NoSQL,Spark,Streaming}
}
@misc{WikipediaDocker,
	author = {Wikipedia},
	title = {{Docker (Software)}},
	url = {https://es.wikipedia.org/wiki/Docker_(software)},
	urldate = {2016-05-20},
	year = {2016},
}
@misc{WhatIsDocker2016,
	author = {Docker},
	title = {{What is Docker?}},
	url = {https://www.docker.com/what-docker},
	urldate = {2016-05-20},
	year = {2016}
}
@misc{DockerComposeDocumentation,
	author = {Docker},
	title = {{Docker Compose}},
	url = {https://docs.docker.com/compose/},
	urldate = {2016-05-20},
	year = {2016}
}
@misc{ApacheFlinkDocs,
	author = {Apache Flink},
	title = {{Apache Flink 1.0 Documentation}},
	url = {https://ci.apache.org/projects/flink/flink-docs-release-1.0/},
	urldate = {2016-05-20},
	year = {2016}
}



